%YAML 1.1
%TAG !u! tag:unity3d.com,2011:
--- !u!244 &-8973057009186548504
AudioMixerEffectController:
  m_ObjectHideFlags: 3
  m_CorrespondingSourceObject: {fileID: 0}
  m_PrefabInstance: {fileID: 0}
  m_PrefabAsset: {fileID: 0}
  m_Name: 
  m_EffectID: 8c3858a30d3f26e43b956a1fce35d8ea
  m_EffectName: Attenuation
  m_MixLevel: 89d52f146309be242a1d71366dfa30b5
  m_Parameters: []
  m_SendTarget: {fileID: 0}
  m_EnableWetMix: 0
  m_Bypass: 0
--- !u!244 &-7022719620373629151
AudioMixerEffectController:
  m_ObjectHideFlags: 3
  m_CorrespondingSourceObject: {fileID: 0}
  m_PrefabInstance: {fileID: 0}
  m_PrefabAsset: {fileID: 0}
  m_Name: 
  m_EffectID: 6e6855249c5cd984aaa0317c6fd9ac38
  m_EffectName: Attenuation
  m_MixLevel: 890e18a64c990b7429c6e7434efd6e5a
  m_Parameters: []
  m_SendTarget: {fileID: 0}
  m_EnableWetMix: 0
  m_Bypass: 0
--- !u!243 &-4805416977533287049
AudioMixerGroupController:
  m_ObjectHideFlags: 0
  m_CorrespondingSourceObject: {fileID: 0}
  m_PrefabInstance: {fileID: 0}
  m_PrefabAsset: {fileID: 0}
  m_Name: Voice
  m_AudioMixer: {fileID: 24100000}
  m_GroupID: 2b545f1e43697ca4295e58184f4d0db2
  m_Children: []
  m_Volume: 949e5c015b4ba5940894a7b8044b365f
  m_Pitch: 36978f45896fc214fb585b1cd3f00b0c
  m_Send: 00000000000000000000000000000000
  m_Effects:
  - {fileID: -8973057009186548504}
  m_UserColorIndex: 0
  m_Mute: 0
  m_Solo: 0
  m_BypassEffects: 0
--- !u!244 &-1825692051367718718
AudioMixerEffectController:
  m_ObjectHideFlags: 3
  m_CorrespondingSourceObject: {fileID: 0}
  m_PrefabInstance: {fileID: 0}
  m_PrefabAsset: {fileID: 0}
  m_Name: 
  m_EffectID: fe23d8c329c8b714b9651b8994f12b3c
  m_EffectName: Attenuation
  m_MixLevel: 64aae4caab8a04e47ac67bb84ef40f55
  m_Parameters: []
  m_SendTarget: {fileID: 0}
  m_EnableWetMix: 0
  m_Bypass: 0
--- !u!243 &-1262927834741442465
AudioMixerGroupController:
  m_ObjectHideFlags: 0
  m_CorrespondingSourceObject: {fileID: 0}
  m_PrefabInstance: {fileID: 0}
  m_PrefabAsset: {fileID: 0}
  m_Name: FX
  m_AudioMixer: {fileID: 24100000}
  m_GroupID: 04a6ac228a0eb2d44a89274c839ff6ca
  m_Children: []
  m_Volume: da3cfd271c03fe84b8e363459329639c
  m_Pitch: 122aa9560b70b81419eed0a3962dbcc6
  m_Send: 00000000000000000000000000000000
  m_Effects:
  - {fileID: -7022719620373629151}
  m_UserColorIndex: 0
  m_Mute: 0
  m_Solo: 0
  m_BypassEffects: 0
--- !u!241 &24100000
AudioMixerController:
  m_ObjectHideFlags: 0
  m_CorrespondingSourceObject: {fileID: 0}
  m_PrefabInstance: {fileID: 0}
  m_PrefabAsset: {fileID: 0}
  m_Name: AudioMixer
  m_OutputGroup: {fileID: 0}
  m_MasterGroup: {fileID: 24300002}
  m_Snapshots:
  - {fileID: 24500006}
  m_StartSnapshot: {fileID: 24500006}
  m_SuspendThreshold: -80
  m_EnableSuspend: 1
  m_UpdateMode: 0
  m_ExposedParameters:
  - guid: da3cfd271c03fe84b8e363459329639c
    name: FX
  - guid: 0dcbf639934989548bf0c2d8100bc4c8
    name: Master
  - guid: 5b275abdfeb6e774daa7f5530619c077
    name: Music
  - guid: 949e5c015b4ba5940894a7b8044b365f
    name: Voice
  m_AudioMixerGroupViews:
  - guids:
    - fef8c809e40513947bf92eb9ab81e08c
    - 0d5ce1c4590e92343aced9a01cdaa50d
    - 04a6ac228a0eb2d44a89274c839ff6ca
    - 2b545f1e43697ca4295e58184f4d0db2
    name: View
  m_CurrentViewIndex: 0
  m_TargetSnapshot: {fileID: 24500006}
--- !u!243 &24300002
AudioMixerGroupController:
  m_ObjectHideFlags: 0
  m_CorrespondingSourceObject: {fileID: 0}
  m_PrefabInstance: {fileID: 0}
  m_PrefabAsset: {fileID: 0}
  m_Name: Master
  m_AudioMixer: {fileID: 24100000}
  m_GroupID: fef8c809e40513947bf92eb9ab81e08c
  m_Children:
  - {fileID: -4805416977533287049}
  - {fileID: -1262927834741442465}
  - {fileID: 3222126767669333829}
  m_Volume: 0dcbf639934989548bf0c2d8100bc4c8
  m_Pitch: 1a8d1bce2aaea884fbcc7d3a89f0b8b4
  m_Send: 00000000000000000000000000000000
  m_Effects:
  - {fileID: 24400004}
  m_UserColorIndex: 0
  m_Mute: 0
  m_Solo: 0
  m_BypassEffects: 0
--- !u!244 &24400004
AudioMixerEffectController:
  m_ObjectHideFlags: 3
  m_CorrespondingSourceObject: {fileID: 0}
  m_PrefabInstance: {fileID: 0}
  m_PrefabAsset: {fileID: 0}
  m_Name: 
  m_EffectID: 9fc0286368f03384a8096e4d80d69f0f
  m_EffectName: Attenuation
  m_MixLevel: 082d8ee793563c04e8dc455336f32440
  m_Parameters: []
  m_SendTarget: {fileID: 0}
  m_EnableWetMix: 0
  m_Bypass: 0
--- !u!245 &24500006
AudioMixerSnapshotController:
  m_ObjectHideFlags: 0
  m_CorrespondingSourceObject: {fileID: 0}
  m_PrefabInstance: {fileID: 0}
  m_PrefabAsset: {fileID: 0}
  m_Name: Snapshot
  m_AudioMixer: {fileID: 24100000}
  m_SnapshotID: f5666b303c4b853409f78b3d20ff9f1b
  m_FloatValues: {}
  m_TransitionOverrides: {}
--- !u!243 &3222126767669333829
AudioMixerGroupController:
  m_ObjectHideFlags: 0
  m_CorrespondingSourceObject: {fileID: 0}
  m_PrefabInstance: {fileID: 0}
  m_PrefabAsset: {fileID: 0}
  m_Name: Music
  m_AudioMixer: {fileID: 24100000}
  m_GroupID: 0d5ce1c4590e92343aced9a01cdaa50d
  m_Children: []
  m_Volume: 5b275abdfeb6e774daa7f5530619c077
  m_Pitch: e15d8b87af3962f428841c5132cd02c6
  m_Send: 00000000000000000000000000000000
  m_Effects:
  - {fileID: -1825692051367718718}
  m_UserColorIndex: 0
  m_Mute: 0
  m_Solo: 0
  m_BypassEffects: 0
